<collection xmlns="http://www.loc.gov/MARC21/slim"><record><leader>00849nam  2200253   450</leader><controlfield tag="001">157</controlfield><controlfield tag="003">http://montalegre.opacnet.com/OPAC/default.aspx?ContentAreaControl=ShowRegHoldings.ascx&amp;RegNo=16662</controlfield><controlfield tag="005">20</controlfield><datafield tag="100" ind1=" " ind2=" "><subfield code="a">20061013d1972----m y0pora010305 ba</subfield></datafield><datafield tag="101" ind1="1" ind2=" "><subfield code="a">por</subfield><subfield code="c">eng</subfield></datafield><datafield tag="102" ind1=" " ind2=" "><subfield code="a">PT</subfield></datafield><datafield tag="200" ind1="1" ind2=" "><subfield code="a">&lt;O &gt;pregador</subfield><subfield code="f">Erskine Preston Caldwell</subfield><subfield code="g">trad. Dulce Rebello</subfield></datafield><datafield tag="210" ind1=" " ind2=" "><subfield code="a">Lisboa</subfield><subfield code="c">Europa-América</subfield><subfield code="d">[1972?]</subfield></datafield><datafield tag="215" ind1=" " ind2=" "><subfield code="a">160 p.</subfield><subfield code="d">18 cm</subfield></datafield><datafield tag="225" ind1="2" ind2=" "><subfield code="a">Livros de bolso Europa-América</subfield><subfield code="v">29</subfield></datafield><datafield tag="304" ind1=" " ind2=" "><subfield code="a">Tít. orig.: Journeyman</subfield></datafield><datafield tag="606" ind1=" " ind2=" "><subfield code="a">Literatura americana</subfield></datafield><datafield tag="675" ind1=" " ind2=" "><subfield code="a">821</subfield><subfield code="v">BN</subfield><subfield code="z">por</subfield></datafield><datafield tag="700" ind1=" " ind2="1"><subfield code="a">Caldwell</subfield><subfield code="b">Erskine</subfield><subfield code="f">1903-1987</subfield></datafield><datafield tag="702" ind1=" " ind2="1"><subfield code="a">Rebelo</subfield><subfield code="b">Dulce</subfield><subfield code="4">730</subfield></datafield><datafield tag="801" ind1=" " ind2="0"><subfield code="a">PT</subfield><subfield code="b">Biblioteca Municipal de Montalegre</subfield><subfield code="g">RPC</subfield></datafield><datafield tag="856" ind1=" " ind2=" "><subfield code="u">locateMedia.asp?cod=20060509155311&amp;ext=jpg</subfield><subfield code="z">CAPA</subfield></datafield><datafield tag="909" ind1="&#9;" ind2=" "><subfield code="a">3</subfield></datafield><datafield tag="966" ind1=" " ind2=" "><subfield code="a">0005174</subfield><subfield code="l">BMM</subfield><subfield code="s">SCG 821 CAL pre 29</subfield></datafield><datafield tag="966" ind1=" " ind2=" "><subfield code="a">1003471</subfield><subfield code="l">BEM</subfield><subfield code="s">BEM 821.1/.8 CAL</subfield></datafield><datafield tag="966" ind1=" " ind2=" "><subfield code="a">1003470</subfield><subfield code="l">BEM</subfield><subfield code="s">BEM 821.1/.8 CAD</subfield></datafield></record></collection>